<?xml version="1.0" encoding="UTF-8"?><collection xmlns="http://www.loc.gov/MARC21/slim"><record><leader>00320nam--2200121-i-4500</leader><controlfield tag="001">000001454</controlfield><controlfield tag="002">20161230</controlfield><controlfield tag="005">20161230201024</controlfield><controlfield tag="008">060222s1000------------r-----000-0-eng-d</controlfield><datafield ind1=" " ind2=" " tag="100"><subfield code="a">Dorain, P.B</subfield></datafield><datafield ind1=" " ind2=" " tag="245"><subfield code="a">Symmetry in inorganic chemistry</subfield></datafield><datafield ind1=" " ind2=" " tag="260"><subfield code="a">Reading/Mass., Addison-wesley Publ,Co., 1965. Vi + 122 P</subfield></datafield><datafield ind1=" " ind2=" " tag="852"><subfield code="a">22202</subfield></datafield></record></collection>